%% This BibTeX bibliography file was created using BibDesk.
%% http://bibdesk.sourceforge.net/

%% Created for Chang, Josh (NIH/CC/RMD) [F] at 2017-05-19 12:29:13 -0400 


%% Saved with string encoding Unicode (UTF-8) 

@article{soofi2009elastic,
  title={The elastic modulus of Matrigel? as determined by atomic force microscopy},
  author={Soofi, Shauheen S and Last, Julie A and Liliensiek, Sara J and Nealey, Paul F and Murphy, Christopher J},
  journal={Journal of structural biology},
  volume={167},
  number={3},
  pages={216--219},
  year={2009},
  publisher={Elsevier}
}

@article{wang2007cell,
	Author = {Wang, James HC and Lin, Jeen-Shang},
	Date-Added = {2017-05-19 16:29:07 +0000},
	Date-Modified = {2017-05-19 16:29:07 +0000},
	Journal = {Biomechanics and modeling in mechanobiology},
	Number = {6},
	Pages = {361--371},
	Publisher = {Springer},
	Title = {Cell traction force and measurement methods},
	Volume = {6},
	Year = {2007}}

@article{TREPAT,
	Author = {X. Trepat and M. R. Wasserman and T. E. Anelini and E. Millet and D. A. Weitz and J. P. Butler and J. J. Fredberg},
	Journal = {Nature Physics Letters},
	Pages = {426--430},
	Title = {Physical forces during collective cell migration},
	Volume = {5},
	Year = {2009}}

@article{WANG2007,
	Author = {J. H.-C. Wang and J.-S. Lin},
	Journal = {Biomechanics and Modeling in Mechanobiology},
	Pages = {361--371},
	Title = {Cell traction force measurement methods},
	Volume = {6},
	Year = {2007}}

@article{USCHWARZ,
	Author = {B. Sabass and M. L. Gardel and C. M. Waterman and U. S. Schwarz},
	Journal = {Biophysical Journal},
	Pages = {207--220},
	Title = {High resolution traction force microscopy based on experimental and computational advances},
	Volume = {94},
	Year = {2008}}

@article{WATERMAN,
	Author = {S. V. Plotnikov and B. Sabass and U. S. Schwarz and C. M. Waterman},
	Journal = {Methods in Cell Biology},
	Pages = {367--394},
	Title = {High-resolution traction force microscopy},
	Volume = {123},
	Year = {2014}}

@article{SCHWINGEL,
	Author = {M. Schwingel and M. Bastmeyer},
	Journal = {PLOS One},
	Pages = {e54850},
	Title = {Force mapping during the formation and maturation of adhesion sites with multiple poptical tweezers},
	Volume = {8},
	Year = {2013}}

@article{DANUSER,
	Author = {S. J. Han and Y. Oak and A. Groisman and G. Danuser},
	Journal = {Nature Methods},
	Pages = {653--660},
	Title = {Traction microscopy to identify force modulation in subresolution adhesions},
	Volume = {12},
	Year = {2015}}

@article{MASHA,
	Author = {Masha Prager-Khoutorsky and Alexandra Lichtenstein and Ramaswamy Krishnan and Kavitha Rajendran and Avi Mayo and Zvi Kam and Benjamin Geiger and Alexander D. Bershadsky},
	Journal = {Nature Cell Biology},
	Pages = {1457--1465},
	Title = {Fibroblast polarization is a matrix-rigidity-dependent process controlled by focal adhesion mechanosensing},
	Volume = {13},
	Year = {2011}}

@article{POPESCU,
	Title = {Data provided courtesy of G. Popescu, UIUC}}

@inbook{MOAZZAMI2013,
	Author = {Kasra Moazzami and Janet E. McElhaney and Nima Rezaei},
	Chapter = {Influenza Infection in the Elderly},
	Pages = {239--249},
	Publisher = {Springer Berlin Heidelberg},
	Title = {Immunology of Aging},
	Year = {2013}}

@article{LYTHE2016,
	Author = {Grant Lythe and Robin E. Callard and Rollo L. Hoare and Carmen Molina-Par{'\i}s},
	Journal = {Journal of Theoretical Biology},
	Pages = {214--224},
	Title = {How many {TCR} clonotypes does a body maintain?},
	Year = {2016}}

@article{HAPUARACHCHI2013,
	Author = {Tharindi Hapuarachchi and Joanna Lewis and Robin E. Callard},
	Journal = {Frontiers in Immunology},
	Pages = {1--6},
	Title = {A mechanistic mathematical model for naive {CD}4 {T} cell homeostasis in healthy adults and children},
	Year = {2013}}

@article{REYNOLDS2013,
	Author = {Joseph Reynolds and Mark Coles and Grant Lythe and Carmen Molina-Par{'\i}s},
	Journal = {Frontiers in Immunology},
	Pages = {1--13},
	Title = {Mathematical model of naive {T} cell division and {IL}-7 survival thresholds},
	Year = {2013}}

@article{QI2014,
	Author = {Qian Qi and Yi Liu and Yong Cheng and Jacob Glanville and David Zhang and Ji-Yeun Lee and Richard A. Olshen and Cornelia M. Weyand and Scott D. Boyd and J{\"o}rg J. Goronzy},
	Journal = {Proceedings of the National Academy of Sciences},
	Pages = {13139--13144},
	Title = {Diversity and clonal selection in the human {T}-cell repertoire},
	Year = {2014}}

@article{NAYLOR2005,
	Author = {Keither Naylor and Guangjin Li and Abbe N. Vallejo and Won-Won Lee and Kerstin Koetz and Ewa Bryl and Jacek Witkowski and James Fulbright and Cornelia M. Weyand andJ{\"o}rg J. Goronzy},
	Journal = {The Journal of Immunology},
	Pages = {7446--7452},
	Title = {The {I}nfluence of {A}ge on {T} {C}ell {G}eneration and {TCR} {D}iversity},
	Year = {2005}}

@article{BRITANOVA2014,
	Author = {Olga V. Britanova and Ekaterina V. Putintseva and Mikhail Shugay and Ekaterina M. Merzlyak and Maria A. Turchaninova and Dmitriy B. Staroverov and Dmitriy A. Bolotin and Sergey Lukyanov and Ekaterina A. Bogdanova and Ilgar Z. Mamedov and Yuriy B. Lebedev and Dmitriy M. Chudakov},
	Journal = {The Journal of Immunology},
	Pages = {2689--2698},
	Title = {Age-{R}elated {D}ecrease in {TCR} {R}epertoire {D}iversity {M}easured with {D}eep and {N}ormalized {S}equence {P}rofiling},
	Year = {2014}}

@article{BERZINS1998,
	Author = {S. P. Berzins and R.I. Boyd and J. F. Miller},
	Journal = {The Journal of Experimental Medicine},
	Pages = {1839--1848},
	Title = {The role of the thymus and recent thymic migrants in the maintenance of the adult peripheral lymphocyte pool},
	Year = {1998}}

@article{METCALF1963,
	Author = {Donald Metcalf},
	Journal = {Australian Journal of Experimental Biology and Medical Sciences},
	Pages = {437--444},
	Title = {The autonomous behavior of normal thymus grafts},
	Year = {1963}}

@article{HAYNES2005,
	Author = {Laura Haynes and Sheri M. Eaton},
	Journal = {Immunological Reviews},
	Pages = {220--228},
	Title = {The effect of age on the cognate function of {CD}4+ {T} cells},
	Year = {2005}}

@article{WESTERMANN1990,
	Author = {J{\"u}rgen Westermann and Reinhard Pabst},
	Journal = {Immunology Today},
	Pages = {406--410},
	Title = {Lymphocyte subsets in the blood: a diagnostic window on the lymphoid system?},
	Year = {1990}}

@article{MASON1998,
	Author = {Don Mason},
	Journal = {Trends in Immunology},
	Pages = {395--404},
	Title = {A very high level of crossreactivity is an essential feature of the {T}-cell receptor},
	Year = {1998}}

@article{MORRIS2014,
	Author = {E. Kathryn Morris and Tancredi Caruso and Fran\c{c}ois Buscot and Markus Fischer and Christine Hancock and Tanja S. Maier and Torsten Meiners and Caroline M{\"u}ller and Elisabeth Obermaier and Daniel Prati and Stephanie A. Socher and Ilja Sonnemann and Nicole W{\"a}schke and Tesfaye Wubet and Susanne Wurst and Matthias C. Rillig},
	Journal = {Ecology and Evolution},
	Pages = {3514--3524},
	Title = {Choosing and using diversity indices: insights for biological applications from the {G}erman {B}iodiversity {E}xploratories},
	Year = {2014}}

@article{LAYDON2015,
	Author = {Daniel J. Laydon and Charles R. M. Bangham and Becca Asquith},
	Journal = {Philosophical Transactions of the Royal Society B},
	Pages = {1-11},
	Title = {Estimating {T}-cell repertoire diversity: limitations of classical estimators and a new approach},
	Year = {2015}}

@article{FREEMAN2009,
	Author = {J. Douglas Freeman and Ren{\'e} L. Warren and Brad H. Nelson and Robert A. Holt},
	Journal = {Genome Research},
	Pages = {1817--1824},
	Title = {Profiling the {T}-cell receptor beta-chain repertoire by massively parallel sequencing},
	Year = {2009}}

@book{LANDAU,
	Author = {L. D. Landau and E. M. Lifshitz},
	Publisher = {Pergamon Press, Oxford},
	Title = {Theory of Elasticity},
	Year = {1970}}

@article{FRY2005,
	Author = {Terry J. Fry and Crystal L. Mackall},
	Journal = {The Journal of Immunology},
	Pages = {6571-6576},
	Title = {The Many Faces of {IL}-7: From Lymphopoesis to Peripheral T Cell Maintenance},
	Year = {2005}}

@article{YATES2014,
	Author = {Andrew J. Yates},
	Journal = {Frontiers in Immunology},
	Pages = {1--15},
	Title = {Theories and {Q}uantification of {T}hymic {S}election},
	Year = {2014}}

@article{SALAM2013,
	Author = {Nasir Salam and Sanket Rane and Rituparna Das and Matthew Faulkner and Rupali Gund and Usha Kandpal and Virginia Lewis and Hamid Mattoo Savit Prabhu and Vidya Ranganathan and Jeannine Durdik and Anna George and Satyajit Rath and Vineeta Bal},
	Journal = {Indian Journal of Medical Research},
	Pages = {595--608},
	Title = {T cell ageing: Effects of age on development, survival, & function},
	Year = {2013}}

@article{JENKINS2009,
	Author = {Marc K. Jenkins and H. Hamlet Chu and James B. McLachlan and James J. Moon},
	Journal = {Annual Review of Immunology},
	Pages = {275--294},
	Title = {On the {C}omposition of the {P}reimmune {R}epertoire of {T} {C}ells specific for {P}eptide-{M}ajor {H}istocompatibility {L}igands},
	Year = {2009}}
