@article{wang2007cell,
  title={Cell traction force and measurement methods},
  author={Wang, James HC and Lin, Jeen-Shang},
  journal={Biomechanics and modeling in mechanobiology},
  volume={6},
  number={6},
  pages={361--371},
  year={2007},
  publisher={Springer}
}